%YAML 1.1
%TAG !u! tag:unity3d.com,2011:
--- !u!1001 &9188617304518944658
PrefabInstance:
  m_ObjectHideFlags: 0
  serializedVersion: 2
  m_Modification:
    m_TransformParent: {fileID: 0}
    m_Modifications:
    - target: {fileID: 498666087, guid: a8b778206a8ac664f9ae2350088a0b2f, type: 3}
      propertyPath: m_AnchorMax.y
      value: 0
      objectReference: {fileID: 0}
    - target: {fileID: 498666087, guid: a8b778206a8ac664f9ae2350088a0b2f, type: 3}
      propertyPath: m_AnchorMin.y
      value: 0
      objectReference: {fileID: 0}
    - target: {fileID: 498666087, guid: a8b778206a8ac664f9ae2350088a0b2f, type: 3}
      propertyPath: m_AnchoredPosition.x
      value: 0
      objectReference: {fileID: 0}
    - target: {fileID: 498666087, guid: a8b778206a8ac664f9ae2350088a0b2f, type: 3}
      propertyPath: m_AnchoredPosition.y
      value: 0
      objectReference: {fileID: 0}
    - target: {fileID: 1250734011453021219, guid: a8b778206a8ac664f9ae2350088a0b2f,
        type: 3}
      propertyPath: m_Transition
      value: 3
      objectReference: {fileID: 0}
    - target: {fileID: 3258612019521056818, guid: a8b778206a8ac664f9ae2350088a0b2f,
        type: 3}
      propertyPath: m_SizeDelta.x
      value: 1066.7
      objectReference: {fileID: 0}
    - target: {fileID: 3258612019521056818, guid: a8b778206a8ac664f9ae2350088a0b2f,
        type: 3}
      propertyPath: m_SizeDelta.y
      value: 603
      objectReference: {fileID: 0}
    - target: {fileID: 3258612019521056818, guid: a8b778206a8ac664f9ae2350088a0b2f,
        type: 3}
      propertyPath: m_AnchoredPosition.x
      value: -0.32296
      objectReference: {fileID: 0}
    - target: {fileID: 3258612019521056818, guid: a8b778206a8ac664f9ae2350088a0b2f,
        type: 3}
      propertyPath: m_AnchoredPosition.y
      value: -1.4999
      objectReference: {fileID: 0}
    - target: {fileID: 3445413256976088465, guid: a8b778206a8ac664f9ae2350088a0b2f,
        type: 3}
      propertyPath: m_IsActive
      value: 1
      objectReference: {fileID: 0}
    - target: {fileID: 5271759577927950277, guid: a8b778206a8ac664f9ae2350088a0b2f,
        type: 3}
      propertyPath: m_AnchorMax.y
      value: 0
      objectReference: {fileID: 0}
    - target: {fileID: 5271759577927950277, guid: a8b778206a8ac664f9ae2350088a0b2f,
        type: 3}
      propertyPath: m_AnchorMin.y
      value: 0
      objectReference: {fileID: 0}
    - target: {fileID: 5271759577927950277, guid: a8b778206a8ac664f9ae2350088a0b2f,
        type: 3}
      propertyPath: m_SizeDelta.x
      value: 0
      objectReference: {fileID: 0}
    - target: {fileID: 5271759577927950277, guid: a8b778206a8ac664f9ae2350088a0b2f,
        type: 3}
      propertyPath: m_SizeDelta.y
      value: 0
      objectReference: {fileID: 0}
    - target: {fileID: 5271759577927950277, guid: a8b778206a8ac664f9ae2350088a0b2f,
        type: 3}
      propertyPath: m_AnchoredPosition.x
      value: 0
      objectReference: {fileID: 0}
    - target: {fileID: 5271759577927950277, guid: a8b778206a8ac664f9ae2350088a0b2f,
        type: 3}
      propertyPath: m_AnchoredPosition.y
      value: 0
      objectReference: {fileID: 0}
    - target: {fileID: 5271776383112315293, guid: a8b778206a8ac664f9ae2350088a0b2f,
        type: 3}
      propertyPath: m_AnchorMax.y
      value: 0
      objectReference: {fileID: 0}
    - target: {fileID: 5271776383112315293, guid: a8b778206a8ac664f9ae2350088a0b2f,
        type: 3}
      propertyPath: m_AnchorMin.y
      value: 0
      objectReference: {fileID: 0}
    - target: {fileID: 5271776383112315293, guid: a8b778206a8ac664f9ae2350088a0b2f,
        type: 3}
      propertyPath: m_SizeDelta.x
      value: 0
      objectReference: {fileID: 0}
    - target: {fileID: 5271776383112315293, guid: a8b778206a8ac664f9ae2350088a0b2f,
        type: 3}
      propertyPath: m_SizeDelta.y
      value: 0
      objectReference: {fileID: 0}
    - target: {fileID: 5271776383112315293, guid: a8b778206a8ac664f9ae2350088a0b2f,
        type: 3}
      propertyPath: m_AnchoredPosition.x
      value: 0
      objectReference: {fileID: 0}
    - target: {fileID: 5271776383112315293, guid: a8b778206a8ac664f9ae2350088a0b2f,
        type: 3}
      propertyPath: m_AnchoredPosition.y
      value: 0
      objectReference: {fileID: 0}
    - target: {fileID: 5271800203816801899, guid: a8b778206a8ac664f9ae2350088a0b2f,
        type: 3}
      propertyPath: m_AnchorMax.y
      value: 0
      objectReference: {fileID: 0}
    - target: {fileID: 5271800203816801899, guid: a8b778206a8ac664f9ae2350088a0b2f,
        type: 3}
      propertyPath: m_AnchorMin.y
      value: 0
      objectReference: {fileID: 0}
    - target: {fileID: 5271800203816801899, guid: a8b778206a8ac664f9ae2350088a0b2f,
        type: 3}
      propertyPath: m_SizeDelta.x
      value: 0
      objectReference: {fileID: 0}
    - target: {fileID: 5271800203816801899, guid: a8b778206a8ac664f9ae2350088a0b2f,
        type: 3}
      propertyPath: m_SizeDelta.y
      value: 0
      objectReference: {fileID: 0}
    - target: {fileID: 5271800203816801899, guid: a8b778206a8ac664f9ae2350088a0b2f,
        type: 3}
      propertyPath: m_AnchoredPosition.x
      value: 0
      objectReference: {fileID: 0}
    - target: {fileID: 5271800203816801899, guid: a8b778206a8ac664f9ae2350088a0b2f,
        type: 3}
      propertyPath: m_AnchoredPosition.y
      value: 0
      objectReference: {fileID: 0}
    - target: {fileID: 5272621272275964003, guid: a8b778206a8ac664f9ae2350088a0b2f,
        type: 3}
      propertyPath: m_AnchorMax.y
      value: 0
      objectReference: {fileID: 0}
    - target: {fileID: 5272621272275964003, guid: a8b778206a8ac664f9ae2350088a0b2f,
        type: 3}
      propertyPath: m_AnchorMin.y
      value: 0
      objectReference: {fileID: 0}
    - target: {fileID: 5272621272275964003, guid: a8b778206a8ac664f9ae2350088a0b2f,
        type: 3}
      propertyPath: m_SizeDelta.x
      value: 0
      objectReference: {fileID: 0}
    - target: {fileID: 5272621272275964003, guid: a8b778206a8ac664f9ae2350088a0b2f,
        type: 3}
      propertyPath: m_SizeDelta.y
      value: 0
      objectReference: {fileID: 0}
    - target: {fileID: 5272621272275964003, guid: a8b778206a8ac664f9ae2350088a0b2f,
        type: 3}
      propertyPath: m_AnchoredPosition.x
      value: 0
      objectReference: {fileID: 0}
    - target: {fileID: 5272621272275964003, guid: a8b778206a8ac664f9ae2350088a0b2f,
        type: 3}
      propertyPath: m_AnchoredPosition.y
      value: 0
      objectReference: {fileID: 0}
    - target: {fileID: 5272628030503197255, guid: a8b778206a8ac664f9ae2350088a0b2f,
        type: 3}
      propertyPath: m_AnchorMax.y
      value: 0
      objectReference: {fileID: 0}
    - target: {fileID: 5272628030503197255, guid: a8b778206a8ac664f9ae2350088a0b2f,
        type: 3}
      propertyPath: m_AnchorMin.y
      value: 0
      objectReference: {fileID: 0}
    - target: {fileID: 5272628030503197255, guid: a8b778206a8ac664f9ae2350088a0b2f,
        type: 3}
      propertyPath: m_SizeDelta.x
      value: 0
      objectReference: {fileID: 0}
    - target: {fileID: 5272628030503197255, guid: a8b778206a8ac664f9ae2350088a0b2f,
        type: 3}
      propertyPath: m_SizeDelta.y
      value: 0
      objectReference: {fileID: 0}
    - target: {fileID: 5272628030503197255, guid: a8b778206a8ac664f9ae2350088a0b2f,
        type: 3}
      propertyPath: m_AnchoredPosition.x
      value: 0
      objectReference: {fileID: 0}
    - target: {fileID: 5272628030503197255, guid: a8b778206a8ac664f9ae2350088a0b2f,
        type: 3}
      propertyPath: m_AnchoredPosition.y
      value: 0
      objectReference: {fileID: 0}
    - target: {fileID: 5272635772521134785, guid: a8b778206a8ac664f9ae2350088a0b2f,
        type: 3}
      propertyPath: m_AnchorMax.y
      value: 0
      objectReference: {fileID: 0}
    - target: {fileID: 5272635772521134785, guid: a8b778206a8ac664f9ae2350088a0b2f,
        type: 3}
      propertyPath: m_AnchorMin.y
      value: 0
      objectReference: {fileID: 0}
    - target: {fileID: 5272635772521134785, guid: a8b778206a8ac664f9ae2350088a0b2f,
        type: 3}
      propertyPath: m_SizeDelta.x
      value: 0
      objectReference: {fileID: 0}
    - target: {fileID: 5272635772521134785, guid: a8b778206a8ac664f9ae2350088a0b2f,
        type: 3}
      propertyPath: m_SizeDelta.y
      value: 0
      objectReference: {fileID: 0}
    - target: {fileID: 5272635772521134785, guid: a8b778206a8ac664f9ae2350088a0b2f,
        type: 3}
      propertyPath: m_AnchoredPosition.x
      value: 0
      objectReference: {fileID: 0}
    - target: {fileID: 5272635772521134785, guid: a8b778206a8ac664f9ae2350088a0b2f,
        type: 3}
      propertyPath: m_AnchoredPosition.y
      value: 0
      objectReference: {fileID: 0}
    - target: {fileID: 5272636798844427725, guid: a8b778206a8ac664f9ae2350088a0b2f,
        type: 3}
      propertyPath: m_AnchorMax.y
      value: 0
      objectReference: {fileID: 0}
    - target: {fileID: 5272636798844427725, guid: a8b778206a8ac664f9ae2350088a0b2f,
        type: 3}
      propertyPath: m_AnchorMin.y
      value: 0
      objectReference: {fileID: 0}
    - target: {fileID: 5272636798844427725, guid: a8b778206a8ac664f9ae2350088a0b2f,
        type: 3}
      propertyPath: m_SizeDelta.x
      value: 0
      objectReference: {fileID: 0}
    - target: {fileID: 5272636798844427725, guid: a8b778206a8ac664f9ae2350088a0b2f,
        type: 3}
      propertyPath: m_SizeDelta.y
      value: 0
      objectReference: {fileID: 0}
    - target: {fileID: 5272636798844427725, guid: a8b778206a8ac664f9ae2350088a0b2f,
        type: 3}
      propertyPath: m_AnchoredPosition.x
      value: 0
      objectReference: {fileID: 0}
    - target: {fileID: 5272636798844427725, guid: a8b778206a8ac664f9ae2350088a0b2f,
        type: 3}
      propertyPath: m_AnchoredPosition.y
      value: 0
      objectReference: {fileID: 0}
    - target: {fileID: 5272638939185520469, guid: a8b778206a8ac664f9ae2350088a0b2f,
        type: 3}
      propertyPath: m_AnchorMax.y
      value: 0
      objectReference: {fileID: 0}
    - target: {fileID: 5272638939185520469, guid: a8b778206a8ac664f9ae2350088a0b2f,
        type: 3}
      propertyPath: m_AnchorMin.y
      value: 0
      objectReference: {fileID: 0}
    - target: {fileID: 5272638939185520469, guid: a8b778206a8ac664f9ae2350088a0b2f,
        type: 3}
      propertyPath: m_SizeDelta.x
      value: 0
      objectReference: {fileID: 0}
    - target: {fileID: 5272638939185520469, guid: a8b778206a8ac664f9ae2350088a0b2f,
        type: 3}
      propertyPath: m_SizeDelta.y
      value: 0
      objectReference: {fileID: 0}
    - target: {fileID: 5272638939185520469, guid: a8b778206a8ac664f9ae2350088a0b2f,
        type: 3}
      propertyPath: m_AnchoredPosition.x
      value: 0
      objectReference: {fileID: 0}
    - target: {fileID: 5272638939185520469, guid: a8b778206a8ac664f9ae2350088a0b2f,
        type: 3}
      propertyPath: m_AnchoredPosition.y
      value: 0
      objectReference: {fileID: 0}
    - target: {fileID: 5272710573613251081, guid: a8b778206a8ac664f9ae2350088a0b2f,
        type: 3}
      propertyPath: m_AnchorMax.y
      value: 0
      objectReference: {fileID: 0}
    - target: {fileID: 5272710573613251081, guid: a8b778206a8ac664f9ae2350088a0b2f,
        type: 3}
      propertyPath: m_AnchorMin.y
      value: 0
      objectReference: {fileID: 0}
    - target: {fileID: 5272710573613251081, guid: a8b778206a8ac664f9ae2350088a0b2f,
        type: 3}
      propertyPath: m_SizeDelta.x
      value: 0
      objectReference: {fileID: 0}
    - target: {fileID: 5272710573613251081, guid: a8b778206a8ac664f9ae2350088a0b2f,
        type: 3}
      propertyPath: m_SizeDelta.y
      value: 0
      objectReference: {fileID: 0}
    - target: {fileID: 5272710573613251081, guid: a8b778206a8ac664f9ae2350088a0b2f,
        type: 3}
      propertyPath: m_AnchoredPosition.x
      value: 0
      objectReference: {fileID: 0}
    - target: {fileID: 5272710573613251081, guid: a8b778206a8ac664f9ae2350088a0b2f,
        type: 3}
      propertyPath: m_AnchoredPosition.y
      value: 0
      objectReference: {fileID: 0}
    - target: {fileID: 5272807426253352105, guid: a8b778206a8ac664f9ae2350088a0b2f,
        type: 3}
      propertyPath: m_AnchorMax.y
      value: 0
      objectReference: {fileID: 0}
    - target: {fileID: 5272807426253352105, guid: a8b778206a8ac664f9ae2350088a0b2f,
        type: 3}
      propertyPath: m_AnchorMin.y
      value: 0
      objectReference: {fileID: 0}
    - target: {fileID: 5272807426253352105, guid: a8b778206a8ac664f9ae2350088a0b2f,
        type: 3}
      propertyPath: m_SizeDelta.x
      value: 0
      objectReference: {fileID: 0}
    - target: {fileID: 5272807426253352105, guid: a8b778206a8ac664f9ae2350088a0b2f,
        type: 3}
      propertyPath: m_SizeDelta.y
      value: 0
      objectReference: {fileID: 0}
    - target: {fileID: 5272807426253352105, guid: a8b778206a8ac664f9ae2350088a0b2f,
        type: 3}
      propertyPath: m_AnchoredPosition.x
      value: 0
      objectReference: {fileID: 0}
    - target: {fileID: 5272807426253352105, guid: a8b778206a8ac664f9ae2350088a0b2f,
        type: 3}
      propertyPath: m_AnchoredPosition.y
      value: 0
      objectReference: {fileID: 0}
    - target: {fileID: 5272844486306225059, guid: a8b778206a8ac664f9ae2350088a0b2f,
        type: 3}
      propertyPath: m_AnchorMax.y
      value: 0
      objectReference: {fileID: 0}
    - target: {fileID: 5272844486306225059, guid: a8b778206a8ac664f9ae2350088a0b2f,
        type: 3}
      propertyPath: m_AnchorMin.y
      value: 0
      objectReference: {fileID: 0}
    - target: {fileID: 5272844486306225059, guid: a8b778206a8ac664f9ae2350088a0b2f,
        type: 3}
      propertyPath: m_SizeDelta.x
      value: 0
      objectReference: {fileID: 0}
    - target: {fileID: 5272844486306225059, guid: a8b778206a8ac664f9ae2350088a0b2f,
        type: 3}
      propertyPath: m_SizeDelta.y
      value: 0
      objectReference: {fileID: 0}
    - target: {fileID: 5272844486306225059, guid: a8b778206a8ac664f9ae2350088a0b2f,
        type: 3}
      propertyPath: m_AnchoredPosition.x
      value: 0
      objectReference: {fileID: 0}
    - target: {fileID: 5272844486306225059, guid: a8b778206a8ac664f9ae2350088a0b2f,
        type: 3}
      propertyPath: m_AnchoredPosition.y
      value: 0
      objectReference: {fileID: 0}
    - target: {fileID: 5273108167008093105, guid: a8b778206a8ac664f9ae2350088a0b2f,
        type: 3}
      propertyPath: m_AnchorMax.y
      value: 0
      objectReference: {fileID: 0}
    - target: {fileID: 5273108167008093105, guid: a8b778206a8ac664f9ae2350088a0b2f,
        type: 3}
      propertyPath: m_AnchorMin.y
      value: 0
      objectReference: {fileID: 0}
    - target: {fileID: 5273108167008093105, guid: a8b778206a8ac664f9ae2350088a0b2f,
        type: 3}
      propertyPath: m_SizeDelta.x
      value: 0
      objectReference: {fileID: 0}
    - target: {fileID: 5273108167008093105, guid: a8b778206a8ac664f9ae2350088a0b2f,
        type: 3}
      propertyPath: m_SizeDelta.y
      value: 0
      objectReference: {fileID: 0}
    - target: {fileID: 5273108167008093105, guid: a8b778206a8ac664f9ae2350088a0b2f,
        type: 3}
      propertyPath: m_AnchoredPosition.x
      value: 0
      objectReference: {fileID: 0}
    - target: {fileID: 5273108167008093105, guid: a8b778206a8ac664f9ae2350088a0b2f,
        type: 3}
      propertyPath: m_AnchoredPosition.y
      value: 0
      objectReference: {fileID: 0}
    - target: {fileID: 5273139340517894095, guid: a8b778206a8ac664f9ae2350088a0b2f,
        type: 3}
      propertyPath: m_AnchorMax.y
      value: 0
      objectReference: {fileID: 0}
    - target: {fileID: 5273139340517894095, guid: a8b778206a8ac664f9ae2350088a0b2f,
        type: 3}
      propertyPath: m_AnchorMin.y
      value: 0
      objectReference: {fileID: 0}
    - target: {fileID: 5273139340517894095, guid: a8b778206a8ac664f9ae2350088a0b2f,
        type: 3}
      propertyPath: m_SizeDelta.x
      value: 0
      objectReference: {fileID: 0}
    - target: {fileID: 5273139340517894095, guid: a8b778206a8ac664f9ae2350088a0b2f,
        type: 3}
      propertyPath: m_SizeDelta.y
      value: 0
      objectReference: {fileID: 0}
    - target: {fileID: 5273139340517894095, guid: a8b778206a8ac664f9ae2350088a0b2f,
        type: 3}
      propertyPath: m_AnchoredPosition.x
      value: 0
      objectReference: {fileID: 0}
    - target: {fileID: 5273139340517894095, guid: a8b778206a8ac664f9ae2350088a0b2f,
        type: 3}
      propertyPath: m_AnchoredPosition.y
      value: 0
      objectReference: {fileID: 0}
    - target: {fileID: 5273143477953066557, guid: a8b778206a8ac664f9ae2350088a0b2f,
        type: 3}
      propertyPath: m_AnchorMax.y
      value: 0
      objectReference: {fileID: 0}
    - target: {fileID: 5273143477953066557, guid: a8b778206a8ac664f9ae2350088a0b2f,
        type: 3}
      propertyPath: m_AnchorMin.y
      value: 0
      objectReference: {fileID: 0}
    - target: {fileID: 5273143477953066557, guid: a8b778206a8ac664f9ae2350088a0b2f,
        type: 3}
      propertyPath: m_SizeDelta.x
      value: 0
      objectReference: {fileID: 0}
    - target: {fileID: 5273143477953066557, guid: a8b778206a8ac664f9ae2350088a0b2f,
        type: 3}
      propertyPath: m_SizeDelta.y
      value: 0
      objectReference: {fileID: 0}
    - target: {fileID: 5273143477953066557, guid: a8b778206a8ac664f9ae2350088a0b2f,
        type: 3}
      propertyPath: m_AnchoredPosition.x
      value: 0
      objectReference: {fileID: 0}
    - target: {fileID: 5273143477953066557, guid: a8b778206a8ac664f9ae2350088a0b2f,
        type: 3}
      propertyPath: m_AnchoredPosition.y
      value: 0
      objectReference: {fileID: 0}
    - target: {fileID: 5273145901631039825, guid: a8b778206a8ac664f9ae2350088a0b2f,
        type: 3}
      propertyPath: m_AnchorMax.y
      value: 0
      objectReference: {fileID: 0}
    - target: {fileID: 5273145901631039825, guid: a8b778206a8ac664f9ae2350088a0b2f,
        type: 3}
      propertyPath: m_AnchorMin.y
      value: 0
      objectReference: {fileID: 0}
    - target: {fileID: 5273145901631039825, guid: a8b778206a8ac664f9ae2350088a0b2f,
        type: 3}
      propertyPath: m_AnchoredPosition.x
      value: 0
      objectReference: {fileID: 0}
    - target: {fileID: 5273145901631039825, guid: a8b778206a8ac664f9ae2350088a0b2f,
        type: 3}
      propertyPath: m_AnchoredPosition.y
      value: 0
      objectReference: {fileID: 0}
    - target: {fileID: 5273149938923041387, guid: a8b778206a8ac664f9ae2350088a0b2f,
        type: 3}
      propertyPath: m_AnchoredPosition.x
      value: -229
      objectReference: {fileID: 0}
    - target: {fileID: 5273163232603014137, guid: a8b778206a8ac664f9ae2350088a0b2f,
        type: 3}
      propertyPath: m_AnchorMax.y
      value: 0
      objectReference: {fileID: 0}
    - target: {fileID: 5273163232603014137, guid: a8b778206a8ac664f9ae2350088a0b2f,
        type: 3}
      propertyPath: m_AnchorMin.y
      value: 0
      objectReference: {fileID: 0}
    - target: {fileID: 5273163232603014137, guid: a8b778206a8ac664f9ae2350088a0b2f,
        type: 3}
      propertyPath: m_SizeDelta.x
      value: 0
      objectReference: {fileID: 0}
    - target: {fileID: 5273163232603014137, guid: a8b778206a8ac664f9ae2350088a0b2f,
        type: 3}
      propertyPath: m_SizeDelta.y
      value: 0
      objectReference: {fileID: 0}
    - target: {fileID: 5273163232603014137, guid: a8b778206a8ac664f9ae2350088a0b2f,
        type: 3}
      propertyPath: m_AnchoredPosition.x
      value: 0
      objectReference: {fileID: 0}
    - target: {fileID: 5273163232603014137, guid: a8b778206a8ac664f9ae2350088a0b2f,
        type: 3}
      propertyPath: m_AnchoredPosition.y
      value: 0
      objectReference: {fileID: 0}
    - target: {fileID: 5273226618734695565, guid: a8b778206a8ac664f9ae2350088a0b2f,
        type: 3}
      propertyPath: m_AnchoredPosition.y
      value: -28
      objectReference: {fileID: 0}
    - target: {fileID: 5273322993626134735, guid: a8b778206a8ac664f9ae2350088a0b2f,
        type: 3}
      propertyPath: m_AnchorMax.y
      value: 0
      objectReference: {fileID: 0}
    - target: {fileID: 5273322993626134735, guid: a8b778206a8ac664f9ae2350088a0b2f,
        type: 3}
      propertyPath: m_AnchorMin.y
      value: 0
      objectReference: {fileID: 0}
    - target: {fileID: 5273322993626134735, guid: a8b778206a8ac664f9ae2350088a0b2f,
        type: 3}
      propertyPath: m_SizeDelta.x
      value: 0
      objectReference: {fileID: 0}
    - target: {fileID: 5273322993626134735, guid: a8b778206a8ac664f9ae2350088a0b2f,
        type: 3}
      propertyPath: m_SizeDelta.y
      value: 0
      objectReference: {fileID: 0}
    - target: {fileID: 5273322993626134735, guid: a8b778206a8ac664f9ae2350088a0b2f,
        type: 3}
      propertyPath: m_AnchoredPosition.x
      value: 0
      objectReference: {fileID: 0}
    - target: {fileID: 5273322993626134735, guid: a8b778206a8ac664f9ae2350088a0b2f,
        type: 3}
      propertyPath: m_AnchoredPosition.y
      value: 0
      objectReference: {fileID: 0}
    - target: {fileID: 5273349096638934633, guid: a8b778206a8ac664f9ae2350088a0b2f,
        type: 3}
      propertyPath: m_AnchorMax.y
      value: 0
      objectReference: {fileID: 0}
    - target: {fileID: 5273349096638934633, guid: a8b778206a8ac664f9ae2350088a0b2f,
        type: 3}
      propertyPath: m_AnchorMin.y
      value: 0
      objectReference: {fileID: 0}
    - target: {fileID: 5273349096638934633, guid: a8b778206a8ac664f9ae2350088a0b2f,
        type: 3}
      propertyPath: m_SizeDelta.x
      value: 0
      objectReference: {fileID: 0}
    - target: {fileID: 5273349096638934633, guid: a8b778206a8ac664f9ae2350088a0b2f,
        type: 3}
      propertyPath: m_SizeDelta.y
      value: 0
      objectReference: {fileID: 0}
    - target: {fileID: 5273349096638934633, guid: a8b778206a8ac664f9ae2350088a0b2f,
        type: 3}
      propertyPath: m_AnchoredPosition.x
      value: 0
      objectReference: {fileID: 0}
    - target: {fileID: 5273349096638934633, guid: a8b778206a8ac664f9ae2350088a0b2f,
        type: 3}
      propertyPath: m_AnchoredPosition.y
      value: 0
      objectReference: {fileID: 0}
    - target: {fileID: 5273362149234563679, guid: a8b778206a8ac664f9ae2350088a0b2f,
        type: 3}
      propertyPath: m_AnchorMax.y
      value: 0
      objectReference: {fileID: 0}
    - target: {fileID: 5273362149234563679, guid: a8b778206a8ac664f9ae2350088a0b2f,
        type: 3}
      propertyPath: m_AnchorMin.y
      value: 0
      objectReference: {fileID: 0}
    - target: {fileID: 5273362149234563679, guid: a8b778206a8ac664f9ae2350088a0b2f,
        type: 3}
      propertyPath: m_AnchoredPosition.x
      value: 0
      objectReference: {fileID: 0}
    - target: {fileID: 5273362149234563679, guid: a8b778206a8ac664f9ae2350088a0b2f,
        type: 3}
      propertyPath: m_AnchoredPosition.y
      value: 0
      objectReference: {fileID: 0}
    - target: {fileID: 5273402192472604717, guid: a8b778206a8ac664f9ae2350088a0b2f,
        type: 3}
      propertyPath: m_AnchorMax.y
      value: 0
      objectReference: {fileID: 0}
    - target: {fileID: 5273402192472604717, guid: a8b778206a8ac664f9ae2350088a0b2f,
        type: 3}
      propertyPath: m_AnchorMin.y
      value: 0
      objectReference: {fileID: 0}
    - target: {fileID: 5273402192472604717, guid: a8b778206a8ac664f9ae2350088a0b2f,
        type: 3}
      propertyPath: m_SizeDelta.x
      value: 0
      objectReference: {fileID: 0}
    - target: {fileID: 5273402192472604717, guid: a8b778206a8ac664f9ae2350088a0b2f,
        type: 3}
      propertyPath: m_SizeDelta.y
      value: 0
      objectReference: {fileID: 0}
    - target: {fileID: 5273402192472604717, guid: a8b778206a8ac664f9ae2350088a0b2f,
        type: 3}
      propertyPath: m_AnchoredPosition.x
      value: 0
      objectReference: {fileID: 0}
    - target: {fileID: 5273402192472604717, guid: a8b778206a8ac664f9ae2350088a0b2f,
        type: 3}
      propertyPath: m_AnchoredPosition.y
      value: 0
      objectReference: {fileID: 0}
    - target: {fileID: 5273450684217502193, guid: a8b778206a8ac664f9ae2350088a0b2f,
        type: 3}
      propertyPath: m_AnchorMax.y
      value: 0
      objectReference: {fileID: 0}
    - target: {fileID: 5273450684217502193, guid: a8b778206a8ac664f9ae2350088a0b2f,
        type: 3}
      propertyPath: m_AnchorMin.y
      value: 0
      objectReference: {fileID: 0}
    - target: {fileID: 5273450684217502193, guid: a8b778206a8ac664f9ae2350088a0b2f,
        type: 3}
      propertyPath: m_SizeDelta.x
      value: 0
      objectReference: {fileID: 0}
    - target: {fileID: 5273450684217502193, guid: a8b778206a8ac664f9ae2350088a0b2f,
        type: 3}
      propertyPath: m_SizeDelta.y
      value: 0
      objectReference: {fileID: 0}
    - target: {fileID: 5273450684217502193, guid: a8b778206a8ac664f9ae2350088a0b2f,
        type: 3}
      propertyPath: m_AnchoredPosition.x
      value: 0
      objectReference: {fileID: 0}
    - target: {fileID: 5273450684217502193, guid: a8b778206a8ac664f9ae2350088a0b2f,
        type: 3}
      propertyPath: m_AnchoredPosition.y
      value: 0
      objectReference: {fileID: 0}
    - target: {fileID: 5273475944126911345, guid: a8b778206a8ac664f9ae2350088a0b2f,
        type: 3}
      propertyPath: m_AnchorMax.y
      value: 0
      objectReference: {fileID: 0}
    - target: {fileID: 5273475944126911345, guid: a8b778206a8ac664f9ae2350088a0b2f,
        type: 3}
      propertyPath: m_AnchorMin.y
      value: 0
      objectReference: {fileID: 0}
    - target: {fileID: 5273475944126911345, guid: a8b778206a8ac664f9ae2350088a0b2f,
        type: 3}
      propertyPath: m_SizeDelta.x
      value: 0
      objectReference: {fileID: 0}
    - target: {fileID: 5273475944126911345, guid: a8b778206a8ac664f9ae2350088a0b2f,
        type: 3}
      propertyPath: m_SizeDelta.y
      value: 0
      objectReference: {fileID: 0}
    - target: {fileID: 5273475944126911345, guid: a8b778206a8ac664f9ae2350088a0b2f,
        type: 3}
      propertyPath: m_AnchoredPosition.x
      value: 0
      objectReference: {fileID: 0}
    - target: {fileID: 5273475944126911345, guid: a8b778206a8ac664f9ae2350088a0b2f,
        type: 3}
      propertyPath: m_AnchoredPosition.y
      value: 0
      objectReference: {fileID: 0}
    - target: {fileID: 5273478850336150077, guid: a8b778206a8ac664f9ae2350088a0b2f,
        type: 3}
      propertyPath: m_AnchorMax.y
      value: 0
      objectReference: {fileID: 0}
    - target: {fileID: 5273478850336150077, guid: a8b778206a8ac664f9ae2350088a0b2f,
        type: 3}
      propertyPath: m_AnchorMin.y
      value: 0
      objectReference: {fileID: 0}
    - target: {fileID: 5273478850336150077, guid: a8b778206a8ac664f9ae2350088a0b2f,
        type: 3}
      propertyPath: m_SizeDelta.x
      value: 0
      objectReference: {fileID: 0}
    - target: {fileID: 5273478850336150077, guid: a8b778206a8ac664f9ae2350088a0b2f,
        type: 3}
      propertyPath: m_SizeDelta.y
      value: 0
      objectReference: {fileID: 0}
    - target: {fileID: 5273478850336150077, guid: a8b778206a8ac664f9ae2350088a0b2f,
        type: 3}
      propertyPath: m_AnchoredPosition.x
      value: 0
      objectReference: {fileID: 0}
    - target: {fileID: 5273478850336150077, guid: a8b778206a8ac664f9ae2350088a0b2f,
        type: 3}
      propertyPath: m_AnchoredPosition.y
      value: 0
      objectReference: {fileID: 0}
    - target: {fileID: 5273514103866678759, guid: a8b778206a8ac664f9ae2350088a0b2f,
        type: 3}
      propertyPath: m_AnchorMax.y
      value: 0
      objectReference: {fileID: 0}
    - target: {fileID: 5273514103866678759, guid: a8b778206a8ac664f9ae2350088a0b2f,
        type: 3}
      propertyPath: m_AnchorMin.y
      value: 0
      objectReference: {fileID: 0}
    - target: {fileID: 5273514103866678759, guid: a8b778206a8ac664f9ae2350088a0b2f,
        type: 3}
      propertyPath: m_SizeDelta.x
      value: 0
      objectReference: {fileID: 0}
    - target: {fileID: 5273514103866678759, guid: a8b778206a8ac664f9ae2350088a0b2f,
        type: 3}
      propertyPath: m_SizeDelta.y
      value: 0
      objectReference: {fileID: 0}
    - target: {fileID: 5273514103866678759, guid: a8b778206a8ac664f9ae2350088a0b2f,
        type: 3}
      propertyPath: m_AnchoredPosition.x
      value: 0
      objectReference: {fileID: 0}
    - target: {fileID: 5273514103866678759, guid: a8b778206a8ac664f9ae2350088a0b2f,
        type: 3}
      propertyPath: m_AnchoredPosition.y
      value: 0
      objectReference: {fileID: 0}
    - target: {fileID: 5273572868143658665, guid: a8b778206a8ac664f9ae2350088a0b2f,
        type: 3}
      propertyPath: m_AnchorMax.y
      value: 0
      objectReference: {fileID: 0}
    - target: {fileID: 5273572868143658665, guid: a8b778206a8ac664f9ae2350088a0b2f,
        type: 3}
      propertyPath: m_AnchorMin.y
      value: 0
      objectReference: {fileID: 0}
    - target: {fileID: 5273572868143658665, guid: a8b778206a8ac664f9ae2350088a0b2f,
        type: 3}
      propertyPath: m_SizeDelta.x
      value: 0
      objectReference: {fileID: 0}
    - target: {fileID: 5273572868143658665, guid: a8b778206a8ac664f9ae2350088a0b2f,
        type: 3}
      propertyPath: m_SizeDelta.y
      value: 0
      objectReference: {fileID: 0}
    - target: {fileID: 5273572868143658665, guid: a8b778206a8ac664f9ae2350088a0b2f,
        type: 3}
      propertyPath: m_AnchoredPosition.x
      value: 0
      objectReference: {fileID: 0}
    - target: {fileID: 5273572868143658665, guid: a8b778206a8ac664f9ae2350088a0b2f,
        type: 3}
      propertyPath: m_AnchoredPosition.y
      value: 0
      objectReference: {fileID: 0}
    - target: {fileID: 5273676621121257455, guid: a8b778206a8ac664f9ae2350088a0b2f,
        type: 3}
      propertyPath: m_AnchorMax.y
      value: 0
      objectReference: {fileID: 0}
    - target: {fileID: 5273676621121257455, guid: a8b778206a8ac664f9ae2350088a0b2f,
        type: 3}
      propertyPath: m_AnchorMin.y
      value: 0
      objectReference: {fileID: 0}
    - target: {fileID: 5273676621121257455, guid: a8b778206a8ac664f9ae2350088a0b2f,
        type: 3}
      propertyPath: m_SizeDelta.x
      value: 0
      objectReference: {fileID: 0}
    - target: {fileID: 5273676621121257455, guid: a8b778206a8ac664f9ae2350088a0b2f,
        type: 3}
      propertyPath: m_SizeDelta.y
      value: 0
      objectReference: {fileID: 0}
    - target: {fileID: 5273676621121257455, guid: a8b778206a8ac664f9ae2350088a0b2f,
        type: 3}
      propertyPath: m_AnchoredPosition.x
      value: 0
      objectReference: {fileID: 0}
    - target: {fileID: 5273676621121257455, guid: a8b778206a8ac664f9ae2350088a0b2f,
        type: 3}
      propertyPath: m_AnchoredPosition.y
      value: 0
      objectReference: {fileID: 0}
    - target: {fileID: 5273697525663505541, guid: a8b778206a8ac664f9ae2350088a0b2f,
        type: 3}
      propertyPath: m_AnchorMax.y
      value: 0
      objectReference: {fileID: 0}
    - target: {fileID: 5273697525663505541, guid: a8b778206a8ac664f9ae2350088a0b2f,
        type: 3}
      propertyPath: m_AnchorMin.y
      value: 0
      objectReference: {fileID: 0}
    - target: {fileID: 5273697525663505541, guid: a8b778206a8ac664f9ae2350088a0b2f,
        type: 3}
      propertyPath: m_SizeDelta.x
      value: 0
      objectReference: {fileID: 0}
    - target: {fileID: 5273697525663505541, guid: a8b778206a8ac664f9ae2350088a0b2f,
        type: 3}
      propertyPath: m_SizeDelta.y
      value: 0
      objectReference: {fileID: 0}
    - target: {fileID: 5273697525663505541, guid: a8b778206a8ac664f9ae2350088a0b2f,
        type: 3}
      propertyPath: m_AnchoredPosition.x
      value: 0
      objectReference: {fileID: 0}
    - target: {fileID: 5273697525663505541, guid: a8b778206a8ac664f9ae2350088a0b2f,
        type: 3}
      propertyPath: m_AnchoredPosition.y
      value: 0
      objectReference: {fileID: 0}
    - target: {fileID: 5342281816557016449, guid: a8b778206a8ac664f9ae2350088a0b2f,
        type: 3}
      propertyPath: m_RootOrder
      value: 0
      objectReference: {fileID: 0}
    - target: {fileID: 5342281816557016449, guid: a8b778206a8ac664f9ae2350088a0b2f,
        type: 3}
      propertyPath: m_LocalPosition.x
      value: -142.4
      objectReference: {fileID: 0}
    - target: {fileID: 5342281816557016449, guid: a8b778206a8ac664f9ae2350088a0b2f,
        type: 3}
      propertyPath: m_LocalPosition.y
      value: 41.6
      objectReference: {fileID: 0}
    - target: {fileID: 5342281816557016449, guid: a8b778206a8ac664f9ae2350088a0b2f,
        type: 3}
      propertyPath: m_LocalPosition.z
      value: -28.600006
      objectReference: {fileID: 0}
    - target: {fileID: 5342281816557016449, guid: a8b778206a8ac664f9ae2350088a0b2f,
        type: 3}
      propertyPath: m_LocalRotation.w
      value: 1
      objectReference: {fileID: 0}
    - target: {fileID: 5342281816557016449, guid: a8b778206a8ac664f9ae2350088a0b2f,
        type: 3}
      propertyPath: m_LocalRotation.x
      value: -0
      objectReference: {fileID: 0}
    - target: {fileID: 5342281816557016449, guid: a8b778206a8ac664f9ae2350088a0b2f,
        type: 3}
      propertyPath: m_LocalRotation.y
      value: -0
      objectReference: {fileID: 0}
    - target: {fileID: 5342281816557016449, guid: a8b778206a8ac664f9ae2350088a0b2f,
        type: 3}
      propertyPath: m_LocalRotation.z
      value: -0
      objectReference: {fileID: 0}
    - target: {fileID: 5342281816557016449, guid: a8b778206a8ac664f9ae2350088a0b2f,
        type: 3}
      propertyPath: m_LocalEulerAnglesHint.x
      value: 0
      objectReference: {fileID: 0}
    - target: {fileID: 5342281816557016449, guid: a8b778206a8ac664f9ae2350088a0b2f,
        type: 3}
      propertyPath: m_LocalEulerAnglesHint.y
      value: 0
      objectReference: {fileID: 0}
    - target: {fileID: 5342281816557016449, guid: a8b778206a8ac664f9ae2350088a0b2f,
        type: 3}
      propertyPath: m_LocalEulerAnglesHint.z
      value: 0
      objectReference: {fileID: 0}
    - target: {fileID: 5347659898622761029, guid: a8b778206a8ac664f9ae2350088a0b2f,
        type: 3}
      propertyPath: m_Name
      value: UI final Variant
      objectReference: {fileID: 0}
    - target: {fileID: 5347878305453805769, guid: a8b778206a8ac664f9ae2350088a0b2f,
        type: 3}
      propertyPath: m_IsActive
      value: 1
      objectReference: {fileID: 0}
    - target: {fileID: 5347878305453805769, guid: a8b778206a8ac664f9ae2350088a0b2f,
        type: 3}
      propertyPath: m_TagString
      value: Pausa
      objectReference: {fileID: 0}
    - target: {fileID: 5380805294244447418, guid: a8b778206a8ac664f9ae2350088a0b2f,
        type: 3}
      propertyPath: m_Transition
      value: 3
      objectReference: {fileID: 0}
    - target: {fileID: 5451460469786296031, guid: a8b778206a8ac664f9ae2350088a0b2f,
        type: 3}
      propertyPath: m_FirstSelected
      value: 
      objectReference: {fileID: 5142996569516438547}
    - target: {fileID: 8550139520198296296, guid: a8b778206a8ac664f9ae2350088a0b2f,
        type: 3}
      propertyPath: m_Transition
      value: 3
      objectReference: {fileID: 0}
    - target: {fileID: 8550139520198296296, guid: a8b778206a8ac664f9ae2350088a0b2f,
        type: 3}
      propertyPath: m_OnClick.m_PersistentCalls.m_Calls.Array.size
      value: 1
      objectReference: {fileID: 0}
    - target: {fileID: 8550139520198296296, guid: a8b778206a8ac664f9ae2350088a0b2f,
        type: 3}
      propertyPath: m_OnClick.m_PersistentCalls.m_Calls.Array.data[1].m_Mode
      value: 1
      objectReference: {fileID: 0}
    - target: {fileID: 8550139520198296296, guid: a8b778206a8ac664f9ae2350088a0b2f,
        type: 3}
      propertyPath: m_OnClick.m_PersistentCalls.m_Calls.Array.data[0].m_Target
      value: 
      objectReference: {fileID: 1535937260}
    - target: {fileID: 8550139520198296296, guid: a8b778206a8ac664f9ae2350088a0b2f,
        type: 3}
      propertyPath: m_OnClick.m_PersistentCalls.m_Calls.Array.data[1].m_Target
      value: 
      objectReference: {fileID: 0}
    - target: {fileID: 8550139520198296296, guid: a8b778206a8ac664f9ae2350088a0b2f,
        type: 3}
      propertyPath: m_OnClick.m_PersistentCalls.m_Calls.Array.data[1].m_CallState
      value: 2
      objectReference: {fileID: 0}
    - target: {fileID: 8550139520198296296, guid: a8b778206a8ac664f9ae2350088a0b2f,
        type: 3}
      propertyPath: m_OnClick.m_PersistentCalls.m_Calls.Array.data[0].m_MethodName
      value: Resume
      objectReference: {fileID: 0}
    - target: {fileID: 8550139520198296296, guid: a8b778206a8ac664f9ae2350088a0b2f,
        type: 3}
      propertyPath: m_OnClick.m_PersistentCalls.m_Calls.Array.data[1].m_MethodName
      value: Resume
      objectReference: {fileID: 0}
    - target: {fileID: 8550139520198296296, guid: a8b778206a8ac664f9ae2350088a0b2f,
        type: 3}
      propertyPath: m_OnClick.m_PersistentCalls.m_Calls.Array.data[0].m_TargetAssemblyTypeName
      value: MenuDePausa, Assembly-CSharp
      objectReference: {fileID: 0}
    - target: {fileID: 8550139520198296296, guid: a8b778206a8ac664f9ae2350088a0b2f,
        type: 3}
      propertyPath: m_OnClick.m_PersistentCalls.m_Calls.Array.data[1].m_TargetAssemblyTypeName
      value: MenuDePausa, Assembly-CSharp
      objectReference: {fileID: 0}
    - target: {fileID: 8550139520198296296, guid: a8b778206a8ac664f9ae2350088a0b2f,
        type: 3}
      propertyPath: m_OnClick.m_PersistentCalls.m_Calls.Array.data[1].m_Arguments.m_ObjectArgumentAssemblyTypeName
      value: UnityEngine.Object, UnityEngine
      objectReference: {fileID: 0}
    m_RemovedComponents: []
  m_SourcePrefab: {fileID: 100100000, guid: a8b778206a8ac664f9ae2350088a0b2f, type: 3}
--- !u!1 &3869713844944009051 stripped
GameObject:
  m_CorrespondingSourceObject: {fileID: 5347878305453805769, guid: a8b778206a8ac664f9ae2350088a0b2f,
    type: 3}
  m_PrefabInstance: {fileID: 9188617304518944658}
  m_PrefabAsset: {fileID: 0}
--- !u!1 &5142996569516438547 stripped
GameObject:
  m_CorrespondingSourceObject: {fileID: 4096902237132919681, guid: a8b778206a8ac664f9ae2350088a0b2f,
    type: 3}
  m_PrefabInstance: {fileID: 9188617304518944658}
  m_PrefabAsset: {fileID: 0}
--- !u!1 &7252735035594274570 stripped
GameObject:
  m_CorrespondingSourceObject: {fileID: 1955233867455238296, guid: a8b778206a8ac664f9ae2350088a0b2f,
    type: 3}
  m_PrefabInstance: {fileID: 9188617304518944658}
  m_PrefabAsset: {fileID: 0}
--- !u!1 &2745049582222841008 stripped
GameObject:
  m_CorrespondingSourceObject: {fileID: 6457289731131700002, guid: a8b778206a8ac664f9ae2350088a0b2f,
    type: 3}
  m_PrefabInstance: {fileID: 9188617304518944658}
  m_PrefabAsset: {fileID: 0}
--- !u!1 &6023780711717403347 stripped
GameObject:
  m_CorrespondingSourceObject: {fileID: 3178488439013645633, guid: a8b778206a8ac664f9ae2350088a0b2f,
    type: 3}
  m_PrefabInstance: {fileID: 9188617304518944658}
  m_PrefabAsset: {fileID: 0}
--- !u!95 &4143281031394145046
Animator:
  serializedVersion: 3
  m_ObjectHideFlags: 0
  m_CorrespondingSourceObject: {fileID: 0}
  m_PrefabInstance: {fileID: 0}
  m_PrefabAsset: {fileID: 0}
  m_GameObject: {fileID: 5142996569516438547}
  m_Enabled: 1
  m_Avatar: {fileID: 0}
  m_Controller: {fileID: 9100000, guid: 59ddfea15f2c97b42b614c95b122d406, type: 2}
  m_CullingMode: 0
  m_UpdateMode: 0
  m_ApplyRootMotion: 0
  m_LinearVelocityBlending: 0
  m_WarningMessage: 
  m_HasTransformHierarchy: 1
  m_AllowConstantClipSamplingOptimization: 1
  m_KeepAnimatorControllerStateOnDisable: 0
--- !u!95 &1191669950850224232
Animator:
  serializedVersion: 3
  m_ObjectHideFlags: 0
  m_CorrespondingSourceObject: {fileID: 0}
  m_PrefabInstance: {fileID: 0}
  m_PrefabAsset: {fileID: 0}
  m_GameObject: {fileID: 7252735035594274570}
  m_Enabled: 1
  m_Avatar: {fileID: 0}
  m_Controller: {fileID: 9100000, guid: 1a3890438ba419941958e2e63fa0e1cf, type: 2}
  m_CullingMode: 0
  m_UpdateMode: 0
  m_ApplyRootMotion: 0
  m_LinearVelocityBlending: 0
  m_WarningMessage: 
  m_HasTransformHierarchy: 1
  m_AllowConstantClipSamplingOptimization: 1
  m_KeepAnimatorControllerStateOnDisable: 0
--- !u!95 &8111720314835345612
Animator:
  serializedVersion: 3
  m_ObjectHideFlags: 0
  m_CorrespondingSourceObject: {fileID: 0}
  m_PrefabInstance: {fileID: 0}
  m_PrefabAsset: {fileID: 0}
  m_GameObject: {fileID: 2745049582222841008}
  m_Enabled: 1
  m_Avatar: {fileID: 0}
  m_Controller: {fileID: 9100000, guid: a6712437158c8b24297066cf441bd195, type: 2}
  m_CullingMode: 0
  m_UpdateMode: 0
  m_ApplyRootMotion: 0
  m_LinearVelocityBlending: 0
  m_WarningMessage: 
  m_HasTransformHierarchy: 1
  m_AllowConstantClipSamplingOptimization: 1
  m_KeepAnimatorControllerStateOnDisable: 0
--- !u!114 &1535937260
MonoBehaviour:
  m_ObjectHideFlags: 0
  m_CorrespondingSourceObject: {fileID: 0}
  m_PrefabInstance: {fileID: 0}
  m_PrefabAsset: {fileID: 0}
  m_GameObject: {fileID: 6023780711717403347}
  m_Enabled: 1
  m_EditorHideFlags: 0
  m_Script: {fileID: 11500000, guid: dd28ad4b94038f640aa7d031d9690b16, type: 3}
  m_Name: 
  m_EditorClassIdentifier: 
  pausa: {fileID: 3869713844944009051}
