%YAML 1.1
%TAG !u! tag:unity3d.com,2011:
--- !u!1 &8145107602735231497
GameObject:
  m_ObjectHideFlags: 0
  m_CorrespondingSourceObject: {fileID: 0}
  m_PrefabInstance: {fileID: 0}
  m_PrefabAsset: {fileID: 0}
  serializedVersion: 6
  m_Component:
  - component: {fileID: 5027934221118113586}
  - component: {fileID: 5410764803619851066}
  - component: {fileID: 1061931585785099858}
  m_Layer: 0
  m_Name: 21_0
  m_TagString: Untagged
  m_Icon: {fileID: 0}
  m_NavMeshLayer: 0
  m_StaticEditorFlags: 0
  m_IsActive: 1
--- !u!4 &5027934221118113586
Transform:
  m_ObjectHideFlags: 0
  m_CorrespondingSourceObject: {fileID: 0}
  m_PrefabInstance: {fileID: 0}
  m_PrefabAsset: {fileID: 0}
  m_GameObject: {fileID: 8145107602735231497}
  m_LocalRotation: {x: -0, y: -0, z: -0, w: 1}
  m_LocalPosition: {x: -0.11, y: 0.88, z: 0}
  m_LocalScale: {x: 1, y: 1, z: 1}
  m_Children: []
  m_Father: {fileID: 1446839745633415103}
  m_RootOrder: 0
  m_LocalEulerAnglesHint: {x: 0, y: 0, z: 0}
--- !u!212 &5410764803619851066
SpriteRenderer:
  m_ObjectHideFlags: 0
  m_CorrespondingSourceObject: {fileID: 0}
  m_PrefabInstance: {fileID: 0}
  m_PrefabAsset: {fileID: 0}
  m_GameObject: {fileID: 8145107602735231497}
  m_Enabled: 1
  m_CastShadows: 0
  m_ReceiveShadows: 0
  m_DynamicOccludee: 1
  m_MotionVectors: 1
  m_LightProbeUsage: 1
  m_ReflectionProbeUsage: 1
  m_RayTracingMode: 0
  m_RayTraceProcedural: 0
  m_RenderingLayerMask: 1
  m_RendererPriority: 0
  m_Materials:
  - {fileID: 10754, guid: 0000000000000000f000000000000000, type: 0}
  m_StaticBatchInfo:
    firstSubMesh: 0
    subMeshCount: 0
  m_StaticBatchRoot: {fileID: 0}
  m_ProbeAnchor: {fileID: 0}
  m_LightProbeVolumeOverride: {fileID: 0}
  m_ScaleInLightmap: 1
  m_ReceiveGI: 1
  m_PreserveUVs: 0
  m_IgnoreNormalsForChartDetection: 0
  m_ImportantGI: 0
  m_StitchLightmapSeams: 1
  m_SelectedEditorRenderState: 0
  m_MinimumChartSize: 4
  m_AutoUVMaxDistance: 0.5
  m_AutoUVMaxAngle: 89
  m_LightmapParameters: {fileID: 0}
  m_SortingLayerID: 0
  m_SortingLayer: 0
  m_SortingOrder: 30
  m_Sprite: {fileID: -5750353039905602045, guid: 180d556a8fa57024ea01b0eda063bcd4,
    type: 3}
  m_Color: {r: 1, g: 1, b: 1, a: 1}
  m_FlipX: 0
  m_FlipY: 0
  m_DrawMode: 0
  m_Size: {x: 1.265, y: 1.955}
  m_AdaptiveModeThreshold: 0.5
  m_SpriteTileMode: 0
  m_WasSpriteAssigned: 1
  m_MaskInteraction: 0
  m_SpriteSortPoint: 0
--- !u!95 &1061931585785099858
Animator:
  serializedVersion: 3
  m_ObjectHideFlags: 0
  m_CorrespondingSourceObject: {fileID: 0}
  m_PrefabInstance: {fileID: 0}
  m_PrefabAsset: {fileID: 0}
  m_GameObject: {fileID: 8145107602735231497}
  m_Enabled: 1
  m_Avatar: {fileID: 0}
  m_Controller: {fileID: 9100000, guid: c08d5cfcce923894eb663480ff022647, type: 2}
  m_CullingMode: 0
  m_UpdateMode: 0
  m_ApplyRootMotion: 0
  m_LinearVelocityBlending: 0
  m_WarningMessage: 
  m_HasTransformHierarchy: 1
  m_AllowConstantClipSamplingOptimization: 1
  m_KeepAnimatorControllerStateOnDisable: 0
--- !u!1001 &6071095156668499003
PrefabInstance:
  m_ObjectHideFlags: 0
  serializedVersion: 2
  m_Modification:
    m_TransformParent: {fileID: 0}
    m_Modifications:
    - target: {fileID: 4635587151721360258, guid: 583ecb592e8f3454ba968e6f89d45b2c,
        type: 3}
      propertyPath: m_Size.x
      value: 3.115
      objectReference: {fileID: 0}
    - target: {fileID: 4635587151721360258, guid: 583ecb592e8f3454ba968e6f89d45b2c,
        type: 3}
      propertyPath: m_Size.y
      value: 2.56
      objectReference: {fileID: 0}
    - target: {fileID: 4635587151721360258, guid: 583ecb592e8f3454ba968e6f89d45b2c,
        type: 3}
      propertyPath: m_Sprite
      value: 
      objectReference: {fileID: -855298285791758126, guid: 9763c1a0a21ebf248a5152f332034a6d,
        type: 3}
    - target: {fileID: 4635587151721360259, guid: 583ecb592e8f3454ba968e6f89d45b2c,
        type: 3}
      propertyPath: MovementSpeed
      value: 2
      objectReference: {fileID: 0}
    - target: {fileID: 4635587151721360260, guid: 583ecb592e8f3454ba968e6f89d45b2c,
        type: 3}
      propertyPath: m_RootOrder
      value: 0
      objectReference: {fileID: 0}
    - target: {fileID: 4635587151721360260, guid: 583ecb592e8f3454ba968e6f89d45b2c,
        type: 3}
      propertyPath: m_LocalScale.x
      value: 1
      objectReference: {fileID: 0}
    - target: {fileID: 4635587151721360260, guid: 583ecb592e8f3454ba968e6f89d45b2c,
        type: 3}
      propertyPath: m_LocalScale.z
      value: 1
      objectReference: {fileID: 0}
    - target: {fileID: 4635587151721360260, guid: 583ecb592e8f3454ba968e6f89d45b2c,
        type: 3}
      propertyPath: m_LocalPosition.x
      value: -13
      objectReference: {fileID: 0}
    - target: {fileID: 4635587151721360260, guid: 583ecb592e8f3454ba968e6f89d45b2c,
        type: 3}
      propertyPath: m_LocalPosition.y
      value: 2
      objectReference: {fileID: 0}
    - target: {fileID: 4635587151721360260, guid: 583ecb592e8f3454ba968e6f89d45b2c,
        type: 3}
      propertyPath: m_LocalPosition.z
      value: 0
      objectReference: {fileID: 0}
    - target: {fileID: 4635587151721360260, guid: 583ecb592e8f3454ba968e6f89d45b2c,
        type: 3}
      propertyPath: m_LocalRotation.w
      value: 1
      objectReference: {fileID: 0}
    - target: {fileID: 4635587151721360260, guid: 583ecb592e8f3454ba968e6f89d45b2c,
        type: 3}
      propertyPath: m_LocalRotation.x
      value: -0
      objectReference: {fileID: 0}
    - target: {fileID: 4635587151721360260, guid: 583ecb592e8f3454ba968e6f89d45b2c,
        type: 3}
      propertyPath: m_LocalRotation.y
      value: -0
      objectReference: {fileID: 0}
    - target: {fileID: 4635587151721360260, guid: 583ecb592e8f3454ba968e6f89d45b2c,
        type: 3}
      propertyPath: m_LocalRotation.z
      value: -0
      objectReference: {fileID: 0}
    - target: {fileID: 4635587151721360260, guid: 583ecb592e8f3454ba968e6f89d45b2c,
        type: 3}
      propertyPath: m_LocalEulerAnglesHint.x
      value: 0
      objectReference: {fileID: 0}
    - target: {fileID: 4635587151721360260, guid: 583ecb592e8f3454ba968e6f89d45b2c,
        type: 3}
      propertyPath: m_LocalEulerAnglesHint.y
      value: 0
      objectReference: {fileID: 0}
    - target: {fileID: 4635587151721360260, guid: 583ecb592e8f3454ba968e6f89d45b2c,
        type: 3}
      propertyPath: m_LocalEulerAnglesHint.z
      value: 0
      objectReference: {fileID: 0}
    - target: {fileID: 4635587151721360261, guid: 583ecb592e8f3454ba968e6f89d45b2c,
        type: 3}
      propertyPath: m_Size.x
      value: 2.2994995
      objectReference: {fileID: 0}
    - target: {fileID: 4635587151721360261, guid: 583ecb592e8f3454ba968e6f89d45b2c,
        type: 3}
      propertyPath: m_Offset.x
      value: -0.04109955
      objectReference: {fileID: 0}
    - target: {fileID: 4635587151721360261, guid: 583ecb592e8f3454ba968e6f89d45b2c,
        type: 3}
      propertyPath: m_SpriteTilingProperty.pivot.x
      value: 0.50669223
      objectReference: {fileID: 0}
    - target: {fileID: 4635587151721360261, guid: 583ecb592e8f3454ba968e6f89d45b2c,
        type: 3}
      propertyPath: m_SpriteTilingProperty.pivot.y
      value: 0.27606416
      objectReference: {fileID: 0}
    - target: {fileID: 4635587151721360261, guid: 583ecb592e8f3454ba968e6f89d45b2c,
        type: 3}
      propertyPath: m_SpriteTilingProperty.newSize.x
      value: 3.115
      objectReference: {fileID: 0}
    - target: {fileID: 4635587151721360261, guid: 583ecb592e8f3454ba968e6f89d45b2c,
        type: 3}
      propertyPath: m_SpriteTilingProperty.newSize.y
      value: 2.56
      objectReference: {fileID: 0}
    - target: {fileID: 4635587151721360261, guid: 583ecb592e8f3454ba968e6f89d45b2c,
        type: 3}
      propertyPath: m_SpriteTilingProperty.oldSize.x
      value: 3.115
      objectReference: {fileID: 0}
    - target: {fileID: 4635587151721360261, guid: 583ecb592e8f3454ba968e6f89d45b2c,
        type: 3}
      propertyPath: m_SpriteTilingProperty.oldSize.y
      value: 2.56
      objectReference: {fileID: 0}
    - target: {fileID: 4635587151721360263, guid: 583ecb592e8f3454ba968e6f89d45b2c,
        type: 3}
      propertyPath: m_Name
      value: Tortuga Variant
      objectReference: {fileID: 0}
    - target: {fileID: 4635587151721360263, guid: 583ecb592e8f3454ba968e6f89d45b2c,
        type: 3}
      propertyPath: m_IsActive
      value: 1
      objectReference: {fileID: 0}
    - target: {fileID: 4635587151721360263, guid: 583ecb592e8f3454ba968e6f89d45b2c,
        type: 3}
      propertyPath: m_TagString
      value: Suelo
      objectReference: {fileID: 0}
    - target: {fileID: 4635587151721360263, guid: 583ecb592e8f3454ba968e6f89d45b2c,
        type: 3}
      propertyPath: m_StaticEditorFlags
      value: 0
      objectReference: {fileID: 0}
    m_RemovedComponents: []
  m_SourcePrefab: {fileID: 100100000, guid: 583ecb592e8f3454ba968e6f89d45b2c, type: 3}
--- !u!1 &1446839745633415100 stripped
GameObject:
  m_CorrespondingSourceObject: {fileID: 4635587151721360263, guid: 583ecb592e8f3454ba968e6f89d45b2c,
    type: 3}
  m_PrefabInstance: {fileID: 6071095156668499003}
  m_PrefabAsset: {fileID: 0}
--- !u!4 &1446839745633415103 stripped
Transform:
  m_CorrespondingSourceObject: {fileID: 4635587151721360260, guid: 583ecb592e8f3454ba968e6f89d45b2c,
    type: 3}
  m_PrefabInstance: {fileID: 6071095156668499003}
  m_PrefabAsset: {fileID: 0}
--- !u!95 &1443274162
Animator:
  serializedVersion: 3
  m_ObjectHideFlags: 0
  m_CorrespondingSourceObject: {fileID: 0}
  m_PrefabInstance: {fileID: 0}
  m_PrefabAsset: {fileID: 0}
  m_GameObject: {fileID: 1446839745633415100}
  m_Enabled: 1
  m_Avatar: {fileID: 0}
  m_Controller: {fileID: 9100000, guid: 6815ebd750d8ab0428a87dc4a4865b52, type: 2}
  m_CullingMode: 0
  m_UpdateMode: 0
  m_ApplyRootMotion: 0
  m_LinearVelocityBlending: 0
  m_WarningMessage: 
  m_HasTransformHierarchy: 1
  m_AllowConstantClipSamplingOptimization: 1
  m_KeepAnimatorControllerStateOnDisable: 0
